<record><leader>00000cas a22000007a 4500</leader><controlfield tag="001">25005911</controlfield><controlfield tag="008">911220d18861891ncuwr ne      0    0eng d</controlfield><datafield ind1=" " ind2=" " tag="010"><subfield code="a">sn 91068781 </subfield></datafield><datafield ind1=" " ind2=" " tag="040"><subfield code="a">NVJ</subfield><subfield code="b">eng</subfield><subfield code="c">NVJ</subfield><subfield code="d">OCLCQ</subfield></datafield><datafield ind1=" " ind2=" " tag="042"><subfield code="a">msc</subfield></datafield><datafield ind1="0" ind2="4" tag="245"><subfield code="a">The Montgomery vidette.</subfield></datafield><datafield ind1="1" ind2="3" tag="246"><subfield code="a">Weekly vidette</subfield><subfield code="f">June 20, 1889-July 10, 1890</subfield></datafield><datafield ind1=" " ind2=" " tag="260"><subfield code="a">Troy, N.C. :</subfield><subfield code="b">E. Hurley, J.W. McKenzie</subfield></datafield><datafield ind1=" " ind2=" " tag="300"><subfield code="a">v.</subfield></datafield><datafield ind1=" " ind2=" " tag="310"><subfield code="a">Weekly</subfield></datafield><datafield ind1="1" ind2=" " tag="362"><subfield code="a">Began in 1886.</subfield></datafield><datafield ind1="0" ind2=" " tag="362"><subfield code="a">-v. 6, no. 35 (Aug. 6, 1891).</subfield></datafield><datafield ind1=" " ind2=" " tag="588"><subfield code="a">Description based on: Vol. 1, no. 28 (July 15, 1886).</subfield></datafield><datafield ind1=" " ind2=" " tag="752"><subfield code="a">United States</subfield><subfield code="b">North Carolina</subfield><subfield code="c">Montgomery</subfield><subfield code="d">Troy.</subfield></datafield><datafield ind1="0" ind2="0" tag="785"><subfield code="t">Southern vidette</subfield><subfield code="w">(DLC)sn 91068782</subfield></datafield></record>